%% This BibTeX bibliography file was created using BibDesk.
%% http://bibdesk.sourceforge.net/


%% Created for Diedrich Wolter at 2014-09-11 20:34:57 +0200 


%% Saved with string encoding Unicode (UTF-8) 



@article{allen83,
	Author = {J. F. Allen},
	Date-Added = {2014-09-11 18:11:27 +0000},
	Date-Modified = {2014-09-11 18:15:10 +0000},
	Journal = {Communications of the ACM},
	Month = nov,
	Pages = {832--843},
	Publisher = {ACM Press},
	Title = {Maintaining knowledge about temporal intervals},
	Year = 1983}

@article{DBLP:journals/logcom/BalbianiCC02,
	Author = {P. Balbiani and J. Condotta and L. {Fari{\~n}as del Cerro}},
	Bibsource = {DBLP, http://dblp.uni-trier.de},
	Date-Added = {2014-09-11 18:11:27 +0000},
	Date-Modified = {2014-09-11 18:14:59 +0000},
	Ee = {http://dx.doi.org/10.1093/logcom/12.5.885},
	Journal = {J. Log. Comput.},
	Number = {5},
	Pages = {885-909},
	Title = {Tractability Results in the Block Algebra},
	Volume = {12},
	Year = {2002}}

@article{Cohn97a,
	Author = {Cohn, A G and Bennett, B and Gooday, J M and Gotts, N},
	Date-Added = {2014-09-11 18:11:27 +0000},
	Date-Modified = {2014-09-11 18:15:22 +0000},
	Journal = {GeoInformatica},
	Pages = {275--316},
	Title = {{RCC}: {A} calculus for Region based Qualitative Spatial Reasoning},
	Volume = {1},
	Year = {1997}}

@article{cohn01_qsr_overview,
	Author = {Anthony G. Cohn and Shyamanta M. Hazarika},
	Date-Added = {2014-09-11 18:11:27 +0000},
	Date-Modified = {2014-09-11 18:15:39 +0000},
	Journal = {Fundamenta Informaticae},
	Number = {1-2},
	Pages = {1--29},
	Title = {Qualitative Spatial Representation and Reasoning: {A}n Overview},
	Volume = {46},
	Year = 2001}

@inproceedings{cohn97_qsr_techniques,
	Address = {Berlin},
	Author = {Anthony G. Cohn},
	Booktitle = {KI-97: Advances in Artificial Intelligence, 21st Annual German Conference on Artificial Intelligence, Freiburg, Germany, September 9-12, 1997, Proceedings},
	Date-Added = {2014-09-11 18:11:27 +0000},
	Date-Modified = {2014-09-11 18:11:27 +0000},
	Editor = {Gerhard Brewka and Christopher Habel and Bernhard Nebel},
	Pages = {1--30},
	Publisher = {Springer},
	Series = {Lecture Notes in Computer Science},
	Title = {Qualitative spatial representation and reasoning techniques},
	Volume = {1303},
	Year = 1997}

@inproceedings{Condotta_Ligozat_Saade_06_A,
	Address = {Budapest, Hungary},
	Author = {Jean-Francois Condotta and G{\'e}rard Ligozat and Mahmoud Saade},
	Booktitle = {Proceedings of the 13th International Symposium on Temporal Representation and Reasoning ({TIME}'06)},
	Date-Added = {2014-09-11 18:11:27 +0000},
	Date-Modified = {2014-09-11 18:16:30 +0000},
	Title = {A Generic Toolkit for n-ary Qualitative Temporal and Spatial Calculi},
	Year = {2006}}

@book{cox:98,
	Address = {NY},
	Author = {D. A. Cox and J. B. Little and D. O'Shea},
	Date-Added = {2014-09-11 18:11:27 +0000},
	Date-Modified = {2014-09-11 18:11:27 +0000},
	Publisher = {Springer},
	Series = {Graduate Texts in Mathematics},
	Title = {Using Algebraic Geometry},
	Volume = {185},
	Year = {1998}}

@article{duentsch_05_relation,
	Author = {Ivo D{\"u}ntsch},
	Date-Added = {2014-09-11 18:11:27 +0000},
	Date-Modified = {2014-09-11 18:11:27 +0000},
	Journal = {Artificial Intelligence Review},
	Number = {4},
	Pages = {315--357},
	Title = {Relation Algebras and their Application in Temporal and Spatial Reasoning},
	Volume = {23},
	Year = 2005}

@inproceedings{Dylla10_CombinedCalculus,
	Author = {Frank Dylla and Jae Hee Lee},
	Booktitle = {ECAI-10},
	Date-Added = {2014-09-11 18:11:27 +0000},
	Date-Modified = {2014-09-11 18:17:02 +0000},
	Title = {A combined Calculus on Orientation with Composition based on Geometric Properties},
	Year = {2010}}

@book{cosy:dylla:2008:AgCtrlPerspOnQSR,
	Address = {Heidelberg, Germany},
	Author = {Frank Dylla},
	Date-Added = {2014-09-11 18:11:27 +0000},
	Date-Modified = {2014-09-11 18:18:29 +0000},
	Isbn = {978-3-89838-320-2},
	Note = {Doctoral thesis (Universitty of Bremen)},
	Publisher = {Akademische Verlagsgesellschaft Aka GmbH (IOS Press)},
	Series = {DISKI},
	Title = {An Agent Control Perspective on Qualitative Spatial Reasoning},
	Volume = {320},
	Year = {2008}}

@inproceedings{cosy:dylla:2004:tpcc_complexity,
	Address = {Valencia, Spain},
	Author = {Frank Dylla and Reinhard Moratz},
	Booktitle = {Workshop on Spatial and Temporal Reasoning at ECAI 2004},
	Date-Added = {2014-09-11 18:11:27 +0000},
	Date-Modified = {2014-09-11 18:19:00 +0000},
	Month = aug,
	Title = {Empirical Complexity Issues of Practical Qualitative Spatial Reasoning about Relative Position},
	Year = 2004}

@incollection{cosy:dylla:2004:qsnhinsitcalc_b,
	Author = {Frank Dylla and Reinhard Moratz},
	Crossref = {SpatialCognition-IV},
	Date-Added = {2014-09-11 18:11:27 +0000},
	Date-Modified = {2014-09-11 18:19:42 +0000},
	Pages = {304--322},
	Title = {Exploiting Qualitative Spatial Neighborhoods in the Situation Calculus}}

@inproceedings{frank-ACSM:91,
	Address = {Baltimore, Maryland, USA},
	Author = {Andrew Frank},
	Booktitle = {Proceedings of the American Congress on Surveying and Mapping ({ACSM-ASPRS})},
	Date-Added = {2014-09-11 18:11:27 +0000},
	Date-Modified = {2014-09-11 18:11:27 +0000},
	Pages = {148--167},
	Title = {Qualitative Spatial Reasoning about Cardinal Directions},
	Year = 1991}

@article{cosyfre92a,
	Author = {Christian Freksa},
	Date-Added = {2014-09-11 18:11:27 +0000},
	Date-Modified = {2014-09-11 18:19:59 +0000},
	Journal = {Artificial Intelligence},
	Number = {54},
	Pages = {199--227},
	Title = {Temporal reasoning based on semi-intervals},
	Volume = {1},
	Year = 1992}

@incollection{cosyfre92,
	Address = {Berlin},
	Author = {Christian Freksa},
	Booktitle = {Theories and methods of spatio-temporal reasoning in geographic space},
	Date-Added = {2014-09-11 18:11:27 +0000},
	Date-Modified = {2014-09-11 18:20:11 +0000},
	Editor = {A. U. Frank and I. Campari and U. Formentini},
	Pages = {162--178},
	Publisher = {Springer},
	Title = {Using orientation information for qualitative spatial reasoning},
	Year = 1992}

@techreport{guesgen:89,
	Address = {Berkeley},
	Author = {Hans W. G{\"u}sgen},
	Date-Added = {2014-09-11 18:11:27 +0000},
	Date-Modified = {2014-09-11 18:20:24 +0000},
	Institution = {International Computer Science Institute},
	Number = {TR-89-049},
	Title = {Spatial reasoning based on {Allen's} temporal logic},
	Year = {1989}}

@article{isli00_2doriordering,
	Author = {Amar Isli and Anthony G. Cohn},
	Date-Added = {2014-09-11 18:11:27 +0000},
	Date-Modified = {2014-09-11 18:20:55 +0000},
	Journal = {Artificial Intelligence.},
	Number = {1-2},
	Pages = {137--187},
	Title = {A new approach to cyclic ordering of 2D orientations using ternary relation algebras},
	Volume = {122},
	Year = 2000,
	Bdsk-Url-1 = {http://dx.doi.org/10.1016/S0004-3702(00)00044-8}}

@inproceedings{isli98_2doriordering,
	Address = {Madison, WI},
	Author = {Amar Isli and Anthony G. Cohn},
	Booktitle = {{AAAI}/{IAAI}},
	Date-Added = {2014-09-11 18:11:27 +0000},
	Date-Modified = {2014-09-11 18:21:10 +0000},
	Pages = {643-649},
	Title = {An Algebra for Cyclic Ordering of 2D Orientations},
	Year = 1998,
	Bdsk-Url-1 = {citeseer.ist.psu.edu/isli98algebra.html}}

@article{ladkin94_relalg,
	Author = {P. Ladkin and R. Maddux},
	Date-Added = {2014-09-11 18:11:27 +0000},
	Date-Modified = {2014-09-11 18:11:27 +0000},
	Journal = {Journal of the Association for Computing Machinery},
	Number = {3},
	Pages = {435--469},
	Title = {On Binary Constraint Problems},
	Volume = {41},
	Year = 1994}

@article{ladkin92_qualCSP,
	Author = {Peter Ladkin and Alexander Reinefeld},
	Date-Added = {2014-09-11 18:11:27 +0000},
	Date-Modified = {2014-09-11 18:11:27 +0000},
	Journal = {Artificial Intelligence},
	Pages = {105--124},
	Title = {Effective solution of qualitative constraint problems},
	Volume = {57},
	Year = 1992}

@article{ligozat98_carddir,
	Author = {G. Ligozat},
	Date-Added = {2014-09-11 18:11:27 +0000},
	Date-Modified = {2014-09-11 18:21:34 +0000},
	Journal = {Journal of Visual Languages and Computing},
	Pages = {23-44},
	Title = {Reasoning about Cardinal Directions},
	Volume = {9},
	Year = 1998}

@incollection{Ligozat93_FlipFlopCalculus,
	Author = {Gerard Ligozat},
	Booktitle = {Spatial Information Theory: A Theoretical Basis for {GIS}, (COSIT'93), Marciana Marina, Elba Island, Italy},
	Date-Added = {2014-09-11 18:11:27 +0000},
	Date-Modified = {2014-09-11 18:21:59 +0000},
	Editor = {Andrew U. Frank and Irene Campari},
	Isbn = {3-540-57207-4},
	Pages = {54-68},
	Publisher = {Springer},
	Series = {Lecture Notes in Computer Science},
	Title = {Qualitative Triangulation for Spatial Reasoning.},
	Volume = {716},
	Year = 1993}

@inproceedings{ligozat_05_Categorical,
	Author = {G{\'e}rard Ligozat},
	Booktitle = {Spatial Information Theory: Cognitive and Computational Foundations, Proceedings of COSIT'05},
	Date-Added = {2014-09-11 18:11:27 +0000},
	Date-Modified = {2014-09-11 18:11:27 +0000},
	Title = {Categorical Methods in Qualitative Reasoning: {T}he Case for Weak Representations},
	Year = {2005}}

@article{mackworth77,
	Author = {A.~K Mackworth},
	Date-Added = {2014-09-11 18:11:27 +0000},
	Date-Modified = {2014-09-11 18:11:27 +0000},
	Journal = {Artificial Intelligence},
	Pages = {99--118},
	Title = {Consistency in networks of relations},
	Volume = {8},
	Year = 1977}

@inproceedings{Moratz_Dylla_Frommberger_05_adjustable_Granularity,
	Address = {Edinburgh, Scotland},
	Author = {Reinhard Moratz and Frank Dylla and Lutz Frommberger},
	Booktitle = {Proceedings of the Workshop on Agents in Real-Time and Dynamic Environments ({IJCAI} 05)},
	Date-Added = {2014-09-11 18:11:27 +0000},
	Date-Modified = {2014-09-11 18:22:39 +0000},
	Month = jul,
	Title = {A Relative Orientation Algebra with Adjustable Granularity},
	Year = 2005}

@inproceedings{moratz-renz-wolter-ECAI:00,
	Address = {Berlin, Germany},
	Author = {Reinhard Moratz and Jochen Renz and Diedrich Wolter},
	Booktitle = {Proceedings of the 14th European Conference on Artificial Intelligence (ECAI)},
	Date-Added = {2014-09-11 18:11:27 +0000},
	Date-Modified = {2014-09-11 18:22:28 +0000},
	Editor = {Horn, W.},
	Publisher = {IOS Press},
	Title = {Qualitative Spatial Reasoning about Line Segments},
	Year = 2000}

@inproceedings{moratz06_opra,
	Address = {Riva del Garda, Italy},
	Author = {Reinhard Moratz},
	Booktitle = {Proceedings of the 17th European Conference on Artificial Intelligence (ECAI 2006)},
	Date-Added = {2014-09-11 18:11:27 +0000},
	Date-Modified = {2014-09-11 18:23:03 +0000},
	Month = aug,
	Title = {Representing Relative Direction as Binary Relation of Oriented Points},
	Year = 2006}

@inproceedings{Ragni05_DepCalc,
	Author = {Marco Ragni and Alexander Scivos},
	Booktitle = {{IJCAI}-05, Proceedings of the Nineteenth International Joint Conference on Artificial Intelligence, Edinburgh, Scotland, {UK}, July 30-August 5, 2005},
	Date-Added = {2014-09-11 18:11:27 +0000},
	Date-Modified = {2014-09-11 18:34:57 +0000},
	Editor = {Leslie Pack Kaelbling and Alessandro Saffiotti},
	Pages = {1577-1578},
	Publisher = {Professional Book Center},
	Title = {Dependency Calculus Reasoning in a General Point Relation Algebra.},
	Year = 2005}

@incollection{randell92_rccb,
	Address = {San Mateo, CA},
	Author = {David A. Randell and Zhan Cui and Anthony Cohn},
	Booktitle = {Principles of Knowledge Representation and Reasoning: Proceedings of the Third International Conference ({KR}'92)},
	Date-Added = {2014-09-11 18:11:27 +0000},
	Date-Modified = {2014-09-11 18:23:44 +0000},
	Editor = {Bernhard Nebel and Charles Rich and William Swartout},
	Pages = {165--176},
	Publisher = {Morgan Kaufmann},
	Title = {A Spatial Logic Based on Regions and Connection},
	Year = 1992}

@inproceedings{RenzL05_WeakComposition,
	Author = {Jochen Renz and G{\'e}rard Ligozat},
	Booktitle = {Proceedings of the 11th International Conference on Principles and Practice of Constraint Programming (CP 2005)},
	Date-Added = {2014-09-11 18:11:27 +0000},
	Date-Modified = {2014-09-11 18:24:35 +0000},
	Editor = {Peter van Beek},
	Month = oct,
	Pages = {534-548},
	Publisher = {Springer},
	Series = {LNCS},
	Title = {Weak Composition for Qualitative Spatial and Temporal Reasoning.},
	Volume = {3709},
	Year = {2005}}

@incollection{schlieder95_reasoning,
	Address = {Berlin, Heidelberg},
	Author = {Christoph Schlieder},
	Booktitle = {Proceedings of COSIT'95},
	Date-Added = {2014-09-11 18:11:27 +0000},
	Date-Modified = {2014-09-11 18:25:01 +0000},
	Pages = {341-349},
	Publisher = {Springer},
	Series = {Lecture Notes in Computer Science},
	Title = {Reasoning About Ordering},
	Volume = 988,
	Year = 1995}

@inproceedings{scivos01,
	Address = {Berlin},
	Author = {Alexander Scivos and Bernhard Nebel},
	Booktitle = {Proceedings of COSIT'01},
	Date-Added = {2014-09-11 18:11:27 +0000},
	Date-Modified = {2014-09-11 18:11:27 +0000},
	Publisher = {Springer},
	Title = {Double-Crossing: Decidability and Computational Complexity of a Qualitative Calculus for Navigation},
	Year = 2001}

@incollection{scivos:nebel:icsc-04,
	Author = {Alexander Scivos and Bernhard Nebel},
	Crossref = {SpatialCognition-IV},
	Date-Added = {2014-09-11 18:11:27 +0000},
	Date-Modified = {2014-09-11 18:25:22 +0000},
	Pages = {283--303},
	Title = {The Finest of its Class: The Practical Natural Point-based Ternary Calculus {$\mathcal{LR}$} for Qualitative Spatial Reasoning}}

@inproceedings{vilain_kautz_beek_89_constraint,
	Author = {M. B. Vilain and H. A. Kautz and P. G. van Beek},
	Booktitle = {Readings in Qualitative Reasoning about Physical Systems},
	Date-Added = {2014-09-11 18:11:27 +0000},
	Date-Modified = {2014-09-11 18:11:27 +0000},
	Editors = {D. S. Weld and J. de Kleer},
	Publisher = {Morgan Kaufmann, San Mateo, CA},
	Title = {Constraint propagation algorithms for temporal reasoning: {A} revised report},
	Year = {1989}}

@phdthesis{Weghe04_PhD,
	Author = {Nico van de Weghe},
	Date-Added = {2014-09-11 18:11:27 +0000},
	Date-Modified = {2014-09-11 18:11:27 +0000},
	School = {Ghent University},
	Title = {Representing and Reasoning about Moving Objects: A Qualitative Approach},
	Year = 2004}

@book{SpatialCognition-IV,
	Address = {Berlin, Heidelberg},
	Booktitle = {Spatial Cognition IV. Reasoning, Action, Interaction: International Conference Spatial Cognition 2004},
	Date-Added = {2014-09-11 18:11:27 +0000},
	Date-Modified = {2014-09-11 18:19:27 +0000},
	Editor = {Christian Freksa and Markus Knauff and Bernd Krieg-Br{\"u}ckner and Bernhard Nebel and Thomas Barkowsky},
	Publisher = {Springer},
	Series = LNAI,
	Title = {Spatial Cognition IV. Reasoning, Action, Interaction: International Conference Spatial Cognition 2004},
	Volume = {3343},
	Year = {2005}}
